

@book{capp,
  author    = {Caxton Fostor},
  editor    = {},
  title     = {Content Addressable Parallel Processors},
  publisher = {Litton Educational Publishing, Inc.},
  year      = {1929}
}
@misc{uart,
  title        = {{TinyFPGA BX USB Serial}},
  url = {https://github.com/davidthings/tinyfpga_bx_usbserial},
}

}
