@book{capp,
  author    = {Caxton Fostor},
  editor    = {},
  title     = {Content Addressable Parallel Processors},
  publisher = {Litton Educational Publishing, Inc.},
  year      = {1929}
}

@misc{uart,
  title        = {{TinyFPGA BX USB Serial}},
  url = {https://github.com/davidthings/tinyfpga_bx_usbserial},
}

@misc{tinyfpga_bx,
  title        = {{TinyFPGA-BX}},
  url = {https://github.com/tinyfpga/TinyFPGA-BX},
}

@INPROCEEDINGS{8735573,
  author={D. {Shah} and E. {Hung} and C. {Wolf} and S. {Bazanski} and D. {Gisselquist} and M. {Milanovic}},
  booktitle={2019 IEEE 27th Annual International Symposium on Field-Programmable Custom Computing Machines (FCCM)}, 
  title={Yosys+nextpnr: An Open Source Framework from Verilog to Bitstream for Commercial FPGAs}, 
  year={2019},
  volume={},
  number={},
  pages={1-4},
  doi={10.1109/FCCM.2019.00010}
 }

@misc{CAPP_FPGA,
  title        = {{Content-Addressable-Parallel-Processors}},
  url = {https://github.com/asalik13/Content-Addressable-Parallel-Processors},
}